@ARTICLE{RubinToO2024,
       author = {{Andreoni}, Igor and {Margutti}, Raffaella and {Banovetz}, John and {Greenstreet}, Sarah and {Hebert}, Claire-Alice and {Lister}, Tim and {Palmese}, Antonella and {Piranomonte}, Silvia and {Smartt}, S.~J. and {Smith}, Graham P. and {Stein}, Robert and {Ahumada}, Tomas and {Anand}, Shreya and {Auchettl}, Katie and {Bannister}, Michele T. and {Bellm}, Eric C. and {Bloom}, Joshua S. and {Bolin}, Bryce T. and {Bom}, Clecio R. and {Brethauer}, Daniel and {Brucker}, Melissa J. and {Buckley}, David A.~H. and {Chandra}, Poonam and {Chornock}, Ryan and {Christensen}, Eric and {Cooke}, Jeff and {Corsi}, Alessandra and {Coughlin}, Michael W. and {Cuevas-Otahola}, Bolivia and {Filippo}, D'Ammando and {Dai}, Biwei and {Dhawan}, S. and {Filippenko}, Alexei V. and {Foley}, Ryan J. and {Franckowiak}, Anna and {Gomboc}, Andreja and {Gompertz}, Benjamin P. and {Guy}, Leanne P. and {Hazra}, Nandini and {Hernandez}, Christopher and {Hosseinzadeh}, Griffin and {Hussaini}, Maryam and {Ibrahimzade}, Dina and {Izzo}, Luca and {Jones}, R. Lynne and {Kang}, Yijung and {Kasliwal}, Mansi M. and {Knight}, Matthew and {Kunnumkai}, Keerthi and {Lamb}, Gavin P and {LeBaron}, Natalie and {Lejoly}, Cassandra and {Levan}, Andrew J. and {MacBride}, Sean and {Mallia}, Franco and {Malz}, Alex I. and {Miller}, Adam A. and {Mora}, J.~C. and {Narayan}, Gautham and {Nayana A.}, J. and {Nicholl}, Matt and {Nichols}, Tiffany and {Oates}, S.~R. and {Panayada}, Akshay and {Ragosta}, Fabio and {Ribeiro}, Tiago and {Ryczanowski}, Dan and {Sarin}, Nikhil and {Schwamb}, Megan E. and {Sears}, Huei and {Seligman}, Darryl Z. and {Sharma}, Ritwik and {Shrestha}, Manisha and {Simran} and {Stroh}, Michael C. and {Terreran}, Giacomo and {Linesh Thakur}, Aishwarya and {Trivedi}, Aum and {Tyson}, J. Anthony and {Utsumi}, Yousuke and {Verma}, Aprajita and {Villar}, V. Ashley and {Volk}, Kathryn and {Vyas}, Meet J. and {Wasserman}, Amanda R. and {Wheeler}, J. Craig and {Yoachim}, Peter and {Zegarelli}, Angela and {Bianco}, Federica},
        title = "{Rubin ToO 2024: Envisioning the Vera C. Rubin Observatory LSST Target of Opportunity program}",
      journal = {arXiv e-prints},
     keywords = {Astrophysics - Instrumentation and Methods for Astrophysics, Astrophysics - High Energy Astrophysical Phenomena, Astrophysics - Solar and Stellar Astrophysics},
         year = 2024,
        month = nov,
          eid = {arXiv:2411.04793},
        pages = {arXiv:2411.04793},
          doi = {10.48550/arXiv.2411.04793},
archivePrefix = {arXiv},
       eprint = {2411.04793},
 primaryClass = {astro-ph.IM},
       adsurl = {https://ui.adsabs.harvard.edu/abs/2024arXiv241104793A},
      adsnote = {Provided by the SAO/NASA Astrophysics Data System}
}